<collection xmlns="http://www.loc.gov/MARC21/slim">
<record>
  <leader>01076nam0a22002411i 450 </leader>
  <controlfield tag="001">IT\ICCU\CNCE\053567</controlfield>
  <controlfield tag="005">20021129000000.0</controlfield>
  <datafield tag="100" ind1=" " ind2=" ">
    <subfield code="a">20021129d1508        0itac0103    ba</subfield>
  </datafield>
  <datafield tag="101" ind1=" " ind2=" ">
    <subfield code="a">LAT</subfield>
  </datafield>
  <datafield tag="102" ind1=" " ind2=" ">
    <subfield code="a">IT</subfield>
  </datafield>
  <datafield tag="200" ind1="1" ind2=" ">
    <subfield code="a">℗Macri philosophi ℗De virtutibus herbarum et qualitatibus speciebus noviter inventus ac impressus</subfield>
  </datafield>
  <datafield tag="210" ind1=" " ind2=" ">
    <subfield code="a">\Venetiis</subfield>
    <subfield code="c">impressus per Bernardinum Venetum de Vitalibus</subfield>
    <subfield code="d">1508!</subfield>
  </datafield>
  <datafield tag="215" ind1=" " ind2=" ">
    <subfield code="a">\95! p.</subfield>
    <subfield code="d">21 cm</subfield>
  </datafield>
  <datafield tag="300" ind1=" " ind2=" ">
    <subfield code="a">ANNULLATA !!!!!!   vedi 37923</subfield>
  </datafield>
  <datafield tag="620" ind1=" " ind2=" ">
    <subfield code="a">IT</subfield>
    <subfield code="d">Venezia</subfield>
  </datafield>
  <datafield tag="700" ind1=" " ind2="0">
    <subfield code="a">Odo</subfield>
    <subfield code="c"> : Magdunensis</subfield>
    <subfield code="3">IT\ICCU\CNCA\010548</subfield>
  </datafield>
  <datafield tag="712" ind1="0" ind2="2">
    <subfield code="a">s.n.</subfield>
    <subfield code="3">IT\ICCU\CNCT\000002</subfield>
    <subfield code="4">650</subfield>
  </datafield>
  <datafield tag="790" ind1=" " ind2="1">
    <subfield code="a">Macer,</subfield>
    <subfield code="b">Aemilius</subfield>
    <subfield code="3">IT\ICCU\CNCA\010549</subfield>
    <subfield code="z">Odo : Magdunensis</subfield>
  </datafield>
  <datafield tag="790" ind1=" " ind2="0">
    <subfield code="a">Macer</subfield>
    <subfield code="c"> : Floridus</subfield>
    <subfield code="3">IT\ICCU\CNCA\017845</subfield>
    <subfield code="z">Odo : Magdunensis</subfield>
  </datafield>
  <datafield tag="790" ind1=" " ind2="0">
    <subfield code="a">Odon</subfield>
    <subfield code="c"> : de#Meung</subfield>
    <subfield code="3">IT\ICCU\CNCA\021790</subfield>
    <subfield code="z">Odo : Magdunensis</subfield>
  </datafield>
  <datafield tag="801" ind1=" " ind2="3">
    <subfield code="a">IT</subfield>
    <subfield code="b">ICCU</subfield>
    <subfield code="c">20201115</subfield>
  </datafield>
  <datafield tag="899" ind1=" " ind2=" ">
    <subfield code="a">Biblioteca nazionale centrale. Firenze</subfield>
    <subfield code="1">FI0098</subfield>
    <subfield code="2">CFI CF</subfield>
  </datafield>
  <datafield tag="899" ind1=" " ind2=" ">
    <subfield code="a">Biblioteche del Polo di medicina legale, anatomia patologica e storia della medicina dell&apos;Universit ̉degli Studi di Padova. Padova</subfield>
    <subfield code="1">PD0403</subfield>
    <subfield code="2">PUV 43</subfield>
  </datafield>
</record>
</collection>
